@online{nakamoto2008bitcoin,
    added-at = {2014-04-17T08:33:06.000+0200},
    author = {Nakamoto, Satoshi},
    biburl = {https://www.bibsonomy.org/bibtex/23db66df0fc9fa2b5033f096a901f1c36/ngnn},
    interhash = {423c2cdff70ba0cd0bca55ebb164d770},
    intrahash = {3db66df0fc9fa2b5033f096a901f1c36},
    keywords = {imported},
    timestamp = {2014-04-17T08:33:06.000+0200},
    title = {Bitcoin: A peer-to-peer electronic cash system},
    url = {http://www.bitcoin.org/bitcoin.pdf},
    year = {2008}
}

@online{ethereum-docs,
    title = {ETHEREUM DEVELOPMENT DOCUMENTATION},
    url = {https://ethereum.org/en/developers/docs/}
}

@online{uniswap-docs,
    title = {Uniswap Docs},
    url = {https://docs.uniswap.org}
}

@online{weth-site,
    title = {wETH Homepage},
    url = {https://weth.io}
}

@online{adonis-docs,
    title = {AdonisJS Docs},
    url = {https://docs.adonisjs.com/guides/introduction}
}

@online{coingecko-homepage,
    title = {CoinGecko Homepage},
    url = {https://www.coingecko.com/it}
}

@online{coingeckoapi-homepage,
    title = {CoinGecko-API Homepage},
    url = {https://github.com/miscavage/CoinGecko-API}
}

@online{web3js-homepage,
    title = {web3.js Homepage},
    url = {https://github.com/ChainSafe/web3.js}
}

@online{infura-homepage,
    title = {Infura Homepage},
    url = {https://infura.io}
}

@online{mariadb-docs,
    title = {MariaDB Docs},
    url = {https://mariadb.com/kb/en/documentation/}
}

@online{kovan-homepage,
    title = {Kovan Testnet Homepage},
    url = {https://kovan-testnet.github.io/website/}
}

@online{metamask-homepage,
    title = {MetaMask Homepage},
    url = {https://metamask.io}
}

@online{stoplight-studio-homepage,
    title = {Stoplight Studio Homepage},
    url = {https://stoplight.io/studio/}
}

@online{jetbrains-homepage,
    title = {JetBrains Homepage},
    url = {https://www.jetbrains.com}
}

@online{docker-docs,
    title = {Docker Docs},
    url = {https://docs.docker.com}
}

@online{git-reference,
    title = {Git Reference Manual},
    url = {https://git-scm.com/docs}
}

@book{antonopoulos2017mastering,
    title={Mastering Bitcoin: Programming the Open Blockchain},
    author={Antonopoulos, A.M.},
    isbn={9781491954362},
    url={https://books.google.it/books?id=MpwnDwAAQBAJ},
    year={2017},
    publisher={O'Reilly Media}
}

@book{antonopoulos2018mastering,
    title={Mastering Ethereum: Building Smart Contracts and DApps},
    author={Antonopoulos, A.M. and D, G.W.P.},
    isbn={9781491971918},
    url={https://books.google.it/books?id=nJJ5DwAAQBAJ},
    year={2018},
    publisher={O'Reilly Media}
}